@article{wang2014analysis,
  title={An analysis of the Viola-Jones face detection algorithm},
  author={Wang, Yi-Qing},
  journal={Image Processing On Line},
  volume={4},
  pages={128--148},
  year={2014}
}

@inproceedings{priya2023viola,
  title={Viola-Jones Recognition Algorithm},
  author={Priya, R Devi and Kirupa, P and Rajasekaran, T and Kumar, S Manoj},
  booktitle={Digital Geography: Proceedings of the International Conference on Internet and Modern Society (IMS 2023)},
  pages={245},
  organization={Springer Nature}
}

@article{abdulhussien2022evaluation,
  title={An evaluation study of face detection by viola-jones algorithm},
  author={Abdulhussien, Dina M and Saud, Laith J},
  journal={International journal of health sciences},
  volume={6},
  number={S8},
  pages={4174--4182},
  year={2022},
  publisher={ScienceScholar}
}

@article{katke2020face,
  title={Face detection using Viola Jones algorithm and MLP technique},
  author={Katke, Kiran Sanjay},
  journal={Int. J},
  volume={5},
  pages={2456--0774},
  year={2020}
}

@article{ying2013advance,
  title={Advance and prospects of AdaBoost algorithm},
  author={Ying, Cao and Qi-Guang, Miao and Jia-Chen, Liu and Lin, Gao},
  journal={Acta Automatica Sinica},
  volume={39},
  number={6},
  pages={745--758},
  year={2013},
  publisher={Elsevier}
}

@incollection{schapire2013explaining,
  title={Explaining adaboost},
  author={Schapire, Robert E},
  booktitle={Empirical inference: festschrift in honor of vladimir N. Vapnik},
  pages={37--52},
  year={2013},
  publisher={Springer}
}

@article{hu2008adaboost,
  title={Adaboost-based algorithm for network intrusion detection},
  author={Hu, Weiming and Hu, Wei and Maybank, Steve},
  journal={IEEE Transactions on Systems, Man, and Cybernetics, Part B (Cybernetics)},
  volume={38},
  number={2},
  pages={577--583},
  year={2008},
  publisher={IEEE}
}

@article{soo2014object,
  title={Object detection using Haar-cascade Classifier},
  author={Soo, Sander},
  journal={Institute of Computer Science, University of Tartu},
  volume={2},
  number={3},
  pages={1--12},
  year={2014}
}

@inproceedings{lienhart2002extended,
  title={An extended set of haar-like features for rapid object detection},
  author={Lienhart, Rainer and Maydt, Jochen},
  booktitle={Proceedings. international conference on image processing},
  volume={1},
  pages={I--I},
  year={2002},
  organization={IEEE}
}

@inproceedings{deng2020retinaface,
  title={Retinaface: Single-shot multi-level face localisation in the wild},
  author={Deng, Jiankang and Guo, Jia and Ververas, Evangelos and Kotsia, Irene and Zafeiriou, Stefanos},
  booktitle={Proceedings of the IEEE/CVF conference on computer vision and pattern recognition},
  pages={5203--5212},
  year={2020}
}

@article{deng2019retinaface,
  title={Retinaface: Single-stage dense face localisation in the wild},
  author={Deng, Jiankang and Guo, Jia and Zhou, Yuxiang and Yu, Jinke and Kotsia, Irene and Zafeiriou, Stefanos},
  journal={arXiv preprint arXiv:1905.00641},
  year={2019}
}

@inproceedings{lin2017feature,
  title={Feature pyramid networks for object detection},
  author={Lin, Tsung-Yi and Doll{\'a}r, Piotr and Girshick, Ross and He, Kaiming and Hariharan, Bharath and Belongie, Serge},
  booktitle={Proceedings of the IEEE conference on computer vision and pattern recognition},
  pages={2117--2125},
  year={2017}
}

@inproceedings{kim2018parallel,
  title={Parallel feature pyramid network for object detection},
  author={Kim, Seung-Wook and Kook, Hyong-Keun and Sun, Jee-Young and Kang, Mun-Cheon and Ko, Sung-Jea},
  booktitle={Proceedings of the European conference on computer vision (ECCV)},
  pages={234--250},
  year={2018}
}

@inproceedings{kirillov2019panoptic,
  title={Panoptic feature pyramid networks},
  author={Kirillov, Alexander and Girshick, Ross and He, Kaiming and Doll{\'a}r, Piotr},
  booktitle={Proceedings of the IEEE/CVF conference on computer vision and pattern recognition},
  pages={6399--6408},
  year={2019}
}

@inproceedings{najibi2017ssh,
  title={Ssh: Single stage headless face detector},
  author={Najibi, Mahyar and Samangouei, Pouya and Chellappa, Rama and Davis, Larry S},
  booktitle={Proceedings of the IEEE international conference on computer vision},
  pages={4875--4884},
  year={2017}
}

@article{guo2021sample,
  title={Sample and computation redistribution for efficient face detection},
  author={Guo, Jia and Deng, Jiankang and Lattas, Alexandros and Zafeiriou, Stefanos},
  journal={arXiv preprint arXiv:2105.04714},
  year={2021}
}



@inproceedings{deng2019arcface,
  title={Arcface: Additive angular margin loss for deep face recognition},
  author={Deng, Jiankang and Guo, Jia and Xue, Niannan and Zafeiriou, Stefanos},
  booktitle={Proceedings of the IEEE/CVF conference on computer vision and pattern recognition},
  pages={4690--4699},
  year={2019}
}

@inproceedings{deng2020sub,
  title={Sub-center arcface: Boosting face recognition by large-scale noisy web faces},
  author={Deng, Jiankang and Guo, Jia and Liu, Tongliang and Gong, Mingming and Zafeiriou, Stefanos},
  booktitle={Computer Vision--ECCV 2020: 16th European Conference, Glasgow, UK, August 23--28, 2020, Proceedings, Part XI 16},
  pages={741--757},
  year={2020},
  organization={Springer}
}

@inproceedings{deng2019arcfacedisguised,
  title={Arcface for disguised face recognition},
  author={Deng, Jiankang and Zafeririou, Stefanos},
  booktitle={proceedings of the IEEE/CVF international conference on computer vision workshops},
  pages={0--0},
  year={2019}
}

@inproceedings{montero2022boosting,
  title={Boosting masked face recognition with multi-task arcface},
  author={Montero, David and Nieto, Marcos and Leskovsky, Peter and Aginako, Naiara},
  booktitle={2022 16th International Conference on Signal-Image Technology \& Internet-Based Systems (SITIS)},
  pages={184--189},
  year={2022},
  organization={IEEE}
}

@inproceedings{firmansyah2023comparison,
  title={Comparison of face recognition accuracy of ArcFace, FaceNet and FaceNet512 models on deepface framework},
  author={Firmansyah, Andrian and Kusumasari, Tien Fabrianti and Alam, Ekky Novriza},
  booktitle={2023 International conference on computer science, information technology and engineering (ICCoSITE)},
  pages={535--539},
  year={2023},
  organization={IEEE}
}


@inproceedings{an_2021_pfc_iccvw,
  title={Partial FC: Training 10 Million Identities on a Single Machine},
  author={An, Xiang and Zhu, Xuhan and Gao, Yuan and Xiao, Yang and Zhao, Yongle and Feng, Ziyong and Wu, Lan and Qin, Bin and Zhang, Ming and Zhang, Debing and Fu, Ying},
  booktitle={ICCVW},
  year={2021},
}


@article{wanyonyi2022open,
  title={Open-source face recognition frameworks: A review of the landscape},
  author={Wanyonyi, David and Celik, Turgay},
  journal={IEEE Access},
  volume={10},
  pages={50601--50623},
  year={2022},
  publisher={IEEE}
}

@article{wang2022survey,
  title={A survey of face recognition},
  author={Wang, Xinyi and Peng, Jianteng and Zhang, Sufang and Chen, Bihui and Wang, Yi and Guo, Yandong},
  journal={arXiv preprint arXiv:2212.13038},
  year={2022}
}

@inproceedings{deng2021variational,
  title={Variational prototype learning for deep face recognition},
  author={Deng, Jiankang and Guo, Jia and Yang, Jing and Lattas, Alexandros and Zafeiriou, Stefanos},
  booktitle={Proceedings of the IEEE/CVF Conference on Computer Vision and Pattern Recognition},
  pages={11906--11915},
  year={2021}
}

@inproceedings{an2022killing,
  title={Killing two birds with one stone: Efficient and robust training of face recognition cnns by partial fc},
  author={An, Xiang and Deng, Jiankang and Guo, Jia and Feng, Ziyong and Zhu, XuHan and Yang, Jing and Liu, Tongliang},
  booktitle={Proceedings of the IEEE/CVF conference on computer vision and pattern recognition},
  pages={4042--4051},
  year={2022}
}

@article{guo2018stacked,
                    title={Stacked dense u-nets with dual transformers for robust face alignment},
                    author={Guo, Jia and Deng, Jiankang and Xue, Niannan and Zafeiriou, Stefanos},
                    journal={arXiv preprint arXiv:1812.01936},
                    year={2018}
                  }


@article{zhang2019multi,
  title={Multi-task cascaded convolutional networks based intelligent fruit detection for designing automated robot},
  author={Zhang, Li and Gui, Guan and Khattak, Abdul Mateen and Wang, Minjuan and Gao, Wanlin and Jia, Jingdun},
  journal={IEEE Access},
  volume={7},
  pages={56028--56038},
  year={2019},
  publisher={IEEE}
}

@article{li2020face,
  title={Face detection based on receptive field enhanced multi-task cascaded convolutional neural networks},
  author={Li, Xiaochao and Yang, Zhenjie and Wu, Hongwei},
  journal={IEEE access},
  volume={8},
  pages={174922--174930},
  year={2020},
  publisher={IEEE}
}

@article{zou2020multi,
  title={Multi-task cascade deep convolutional neural networks for large-scale commodity recognition},
  author={Zou, Xiaofeng and Zhou, Liqian and Li, Kenli and Ouyang, Aijia and Chen, Cen},
  journal={Neural Computing and Applications},
  volume={32},
  number={10},
  pages={5633--5647},
  year={2020},
  publisher={Springer}
}
